@misc{mapboxDoc,
  key = {mapbox},
  title = {Mapbox},
  note = {\url{https://www.mapbox.com/}}
}
@misc{firebaseDoc,
  key = {firebase},
  title = {Firebase},
  note = {\url{https://firebase.google.com/}}
}
@misc{openstreetmapDoc,
  key = {openstreetmap},
  title = {Openstreetmap},
  note = {\url{https://www.openstreetmap.fr/}}
}
@misc{cocoapodsDoc,
  key = {cocoapods},
  title = {CocoaPods},
  note = {\url{https://cocoapods.org/}}
}

